@inbook{bayes:1763,
  author={Thomas Bayes},
  title={An essay towards solving a problem in the doctrine of chances},
  year={1970},
  publisher={Charles Griffin},
  pages={131--153},
  address={London},
  booktitle={Studies in the History of Statistics and Probability},
  editor={E. S. Pearson and M. G. Kendall}
}

@manual{internationaldoifoundationidf:2005,
  title={DOI Handbook},
  organization={{International DOI Foundation (IDF)}},
  year={2005},
  month={February},
  doi={10.1000/182},
  edition={4.2.0}
}

@manual{jacobson:1996,
  author={Dana Jacobson},
  year={1996},
  title={The {\BibTeX} Format},
  Cathegory={Typographie, IT}
}

@book{knuth:1984,
  author={Donald Ervin Knuth},
  title={The \TeX book},
  publisher={Addison-Wesley},
  year={1984},
  volume={A},
  address={Reading, Massachusetts},
  series={Computers and Typesetting},
  isbn={0-201-13447-0}
}

@book{niso:2003,
  title={Information Retrival (Z39.50): Application Service Definition and Protocol
    Specification},
  year={2003},
  address={Bethesda, Maryland, USA},
  author={{National Information Standards Organization (U.S.)}},
  publisher={NISO Press}
}

@manual{patashnik:1988a,
  author={Oren Patashnik},
  title={Designing {\BibTeX} Styles},
  year={1988}
}

@techreport{w3c-xpath:1999,
  author={{W3C}},
  title={{XML Path Language (XPath) Version 1.0}},
  year={1999},
  institution={W3C},
  url={http://www.w3.org/TR/1999/REC-xpath-19991116}
}

@techreport{w3c-xsl:2001,
  author={{W3C}},
  title={{Extensible Stylesheet Language (XSL)}},
  year={2001},
  institution={W3C},
  url={http://www.w3.org/TR/2001/REC-xsl-20011015/}
}

@techreport{w2c-xml:2004,
  author={{W3C}},
  title={{Extensible Markup Language (XML) 1.1}},
  year={2004},
  institution={W3C},
  url={http://www.w3.org/TR/xml11}
}

@misc{microsoft:2004,
  author={{Microsoft}},
  title={{How To Create Localized Resource DLLs for MFC Application}},
  year={2004},
  howpublished={\url{http://support.microsoft.com/?kbid=198846}}
}

@misc{microsoft:2004a,
  author={{Microsoft}},
  title={How To Localize Application Resources with Foundation Classes},
  year={2004},
  howpublished={\url{http://support.microsoft.com/?kbid=147149}}
}

@misc{microsoft:2004b,
  author={{Microsoft}},
  title={{Localization of MFC Components}},
  year={2004},
  howpublished={\url{http://msdn2.microsoft.com/en-us/library/x6h91d9w.aspx}}
}

@misc{ndmsoffice:2004,
  author={{Network Development and MARC Standards Office}},
  title={{MARC 21 Format for Bibliographic Data}},
  year={2004},
  Cathegory={IT},
  howpublished={\url{http://www.loc.gov/marc/bibliographic/}}
}

